<?xml version="1.0" encoding="UTF-8"?>
<record xmlns="http://www.loc.gov/MARC21/slim" xmlns:xsi="http://www.w3.org/2001/XMLSchema-instance" xsi:schemaLocation="http://www.loc.gov/MARC21/slim http://www.loc.gov/standards/marcxml/schema/MARC21slim.xsd">
<leader>     nam a22002771a 4500</leader>
<controlfield tag="001">001684063</controlfield>
<controlfield tag="003">NNU</controlfield>
<controlfield tag="005">20061010173221.0</controlfield>
<controlfield tag="008">000821s1970    iq abc   b    000 0barard</controlfield>
<datafield tag="010" ind1=" " ind2=" ">
<subfield code="a">73268621 /NE</subfield>
</datafield>
<datafield tag="035" ind1="9" ind2=" ">
<subfield code="a">NYUb12227491</subfield>
</datafield>
<datafield tag="035" ind1=" " ind2=" ">
<subfield code="a">(NNU)NYUb12227491</subfield>
</datafield>
<datafield tag="040" ind1=" " ind2=" ">
<subfield code="a">DLC</subfield>
<subfield code="c">WaU</subfield>
<subfield code="d">CU</subfield>
<subfield code="d">CtY</subfield>
</datafield>
<datafield tag="050" ind1="0" ind2=" ">
<subfield code="a">BP80.R5</subfield>
<subfield code="b">S24</subfield>
</datafield>
<datafield tag="066" ind1=" " ind2=" ">
<subfield code="c">(3</subfield>
</datafield>
<datafield tag="090" ind1=" " ind2=" ">
<subfield code="a">BP80.R5</subfield>
<subfield code="b">S24</subfield>
</datafield>
<datafield tag="100" ind1="1" ind2=" ">
<subfield code="a">Sāmarrāʼī, Yūnus Ibrāhīm</subfield>
<subfield code="6">880-01</subfield>
</datafield>
<datafield tag="245" ind1="1" ind2="3">
<subfield code="6">880-02</subfield>
<subfield code="a">al-Sayyid Aḥmad al-Rifāʻī :</subfield>
<subfield code="b">ḥayātuhu -- āthāruh /</subfield>
<subfield code="c">bi-qalam Yūnus Ibrāhīm al-Sāmarrāʼī.</subfield>
</datafield>
<datafield tag="260" ind1=" " ind2=" ">
<subfield code="6">880-03</subfield>
<subfield code="a">Baghdād :</subfield>
<subfield code="b">Maṭbaʻat al-Irshād,</subfield>
<subfield code="c">1970.</subfield>
</datafield>
<datafield tag="300" ind1=" " ind2=" ">
<subfield code="a">105 p. :</subfield>
<subfield code="b">ill., map, ports. ;</subfield>
<subfield code="c">24 cm.</subfield>
</datafield>
<datafield tag="504" ind1=" " ind2=" ">
<subfield code="a">Bibliography: p. 105.</subfield>
</datafield>
<datafield tag="600" ind1="1" ind2="0">
<subfield code="a">Rifāʻī, Aḥmad ibn ʻAlī,</subfield>
<subfield code="d">1106?-1182</subfield>
<subfield code="6">880-04</subfield>
</datafield>
<datafield tag="880" ind1="1" ind2=" ">
<subfield code="6">100-01/</subfield>
<subfield code="a">سامرائي، يونس ابراهيم.</subfield>
</datafield>
<datafield tag="880" ind1="1" ind2="2">
<subfield code="6">245-02/</subfield>
<subfield code="a">السيد أحمد الرفاعي :</subfield>
<subfield code="b">حياته-- آثاره /</subfield>
<subfield code="c">بقلم يونس ابراهيم السامرائي.</subfield>
</datafield>
<datafield tag="880" ind1=" " ind2=" ">
<subfield code="6">260-03/</subfield>
<subfield code="a">بغداد :</subfield>
<subfield code="b">مطبعة الإرشاد،</subfield>
<subfield code="c">1970.</subfield>
</datafield>
<datafield tag="880" ind1="1" ind2="0">
<subfield code="6">600-04/</subfield>
<subfield code="a">رفاعي، أحمد بن علي.</subfield>
</datafield>
<datafield tag="OWN" ind1=" " ind2=" ">
<subfield code="a">GENERAL</subfield>
</datafield>
<datafield tag="998" ind1=" " ind2=" ">
<subfield code="a">20010429</subfield>
<subfield code="d">20010429</subfield>
<subfield code="d">20010429</subfield>
<subfield code="n">NNU</subfield>
<subfield code="s">6</subfield>
<subfield code="t">c</subfield>
<subfield code="z">e</subfield>
</datafield>
<datafield tag="AVA" ind1=" " ind2=" ">
<subfield code="a">NYU50</subfield>
<subfield code="b">BOBST</subfield>
<subfield code="c">Main Collection</subfield>
<subfield code="d">BP80.R5 S24</subfield>
<subfield code="e">unavailable</subfield>
<subfield code="t">Unavailable</subfield>
<subfield code="f">1</subfield>
<subfield code="g">1</subfield>
<subfield code="h">N</subfield>
<subfield code="i">0</subfield>
<subfield code="j">MAIN</subfield>
<subfield code="k">0</subfield>
</datafield>
</record>
